<?xml version="1.0" encoding="UTF-8"?><record xmlns="http://www.loc.gov/MARC21/slim" xmlns:cinclude="http://apache.org/cocoon/include/1.0" xmlns:zs="http://www.loc.gov/zing/srw/">
  <leader>00491nz  a2200121n  4500</leader>
  <controlfield tag="001">n 2012014216</controlfield>
  <controlfield tag="003">DLC</controlfield>
  <controlfield tag="005">20120302074956.0</controlfield>
  <controlfield tag="008">120301n| acannaabn          |n aaa      </controlfield>
  <datafield tag="010" ind1=" " ind2=" ">
    <subfield code="a">n 2012014216</subfield>
  </datafield>
  <datafield tag="040" ind1=" " ind2=" ">
    <subfield code="a">DLC</subfield>
    <subfield code="b">eng</subfield>
    <subfield code="c">DLC</subfield>
  </datafield>
  <datafield tag="100" ind1="1" ind2=" ">
    <subfield code="a">Howd, Eliphalet,</subfield>
    <subfield code="d">1767?-1832?</subfield>
  </datafield>
  <datafield tag="670" ind1=" " ind2=" ">
    <subfield code="a">NUCMC data from Litchfield Historical Society for Landon and Howd families papers, 1795-1936</subfield>
    <subfield code="b">(Eliphalet Howd; 1767?-1832?; m. Loly Clark; Canaan, Conn.; sons were among the original settlers of Litchfield, Ohio in 1830)</subfield>
  </datafield>
</record>